<record><leader>00000cas a22000007a 4500</leader><controlfield tag="001">9232709</controlfield><controlfield tag="008">830217d18541874mauwr ne      0    0eng d</controlfield><datafield ind1=" " ind2=" " tag="010"><subfield code="a">sn 83020026 </subfield></datafield><datafield ind1=" " ind2=" " tag="040"><subfield code="a">NPX</subfield><subfield code="b">eng</subfield><subfield code="c">NPX</subfield><subfield code="d">NPU</subfield><subfield code="d">MGN</subfield><subfield code="d">OCLCQ</subfield></datafield><datafield ind1=" " ind2=" " tag="042"><subfield code="a">msc</subfield></datafield><datafield ind1="0" ind2="4" tag="245"><subfield code="a">The Abington standard and Plymouth County advertiser.</subfield></datafield><datafield ind1=" " ind2=" " tag="260"><subfield code="a">Abington, Mass. :</subfield><subfield code="b">Chas. G. Easterbrook</subfield></datafield><datafield ind1=" " ind2=" " tag="300"><subfield code="a">v. ;</subfield><subfield code="c">51-66 cm.</subfield></datafield><datafield ind1=" " ind2=" " tag="310"><subfield code="a">Weekly</subfield></datafield><datafield ind1="1" ind2=" " tag="362"><subfield code="a">Began Oct. 6, 1854; ceased in 1874.</subfield></datafield><datafield ind1=" " ind2=" " tag="500"><subfield code="a">Publishers: Chas. G. Easterbrook, 1854-&lt;1865&gt;; Thos. S. Pratt, 1865-1867; Edgar Merchant, 1867-1868; J.S. Smith, 1868-1874.</subfield></datafield><datafield ind1=" " ind2=" " tag="500"><subfield code="a">Editors: Chas. G. Easterbrook, 1854-&lt;1865&gt;; J.S. Smith, &lt;1873&gt;.</subfield></datafield><datafield ind1=" " ind2=" " tag="588"><subfield code="a">Description based on: July 6, 1855.</subfield></datafield><datafield ind1=" " ind2=" " tag="752"><subfield code="a">United States</subfield><subfield code="b">Massachusetts</subfield><subfield code="c">Plymouth</subfield><subfield code="d">Abington.</subfield></datafield><datafield ind1="0" ind2="0" tag="785"><subfield code="t">Rockland standard and Plymouth County advertiser</subfield><subfield code="w">(DLC)sn 83020027</subfield></datafield><datafield ind1="1" ind2=" " tag="029"><subfield code="a">AU@</subfield><subfield code="b">000025786733</subfield></datafield></record>